@WWW{Phemex,
  author  = {Phemex},
  date    = {2021-10-20},
  title   = {What is The Metaverse: A Virtual Future to Embrace or Fear?},
  url     = {https://phemex.com/academy/what-is-the-metaverse-crypto},
  urldate = {2022-07-16},
}

@WWW{Kamenov2017,
  author  = {Kamen Kamenov},
  date    = {2017-08-15},
  title   = {Immersive experience—The 4th wave in tech: Learning the ropes},
  url     = {https://www.accenture.com/gb-en/blogs/blogs-immersive-experience-wave-learning-ropes},
  urldate = {2022-07-16},
}

@WWW{Capra2022,
    author  = {Emi La Capra},
    date    = {2022-01-01},
    title   = {Facebook Metaverse: Will it Support Blockchain?},
    url     = {https://coinmarketcap.com/alexandria/article/facebook-metaverse-will-it-support-blockchain},
    urldate = {2022-07-16},
}

@WWW{NIEUWS2021,
    author  = {NOS NIEUWS},
    date    = {2021-09-07},
    title   = {Coronacijfers stabiel, maar onderwijs wordt weer besmettingshaard},
    url     = {https://nos.nl/artikel/2396892-coronacijfers-stabiel-maar-onderwijs-wordt-weer-besmettingshaard},
    urldate = {2022-07-16},
}

@WWW{Jeugdinstituut2022,
    author  = {Nederlands Jeugdinstituut},
    date    = {2022-03-03},
    title   = {Onderzoek naar corona en onderwijs},
    url     = {https://www.nji.nl/coronavirus/onderzoek-naar-corona-en-onderwijs},
    urldate = {2022-07-16},
}

@WWW{HirshPasek2022,
    author  = {Hirsh-Pasek, Kathy and M. Zosh, Jennifer and Shwe Hadani, Helen and Michnick Golinkoff, Roberta and Clark, Kevin and Donohue, Chip and Wartella, Ellen},
    date    = {2022-02-14},
    title   = {A whole new world: Education meets the metaverse},
    url     = {https://www.brookings.edu/research/a-whole-new-world-education-meets-the-metaverse/},
    urldate = {2022-07-16},
}

@WWW{HirshPasek2015,
    author  = {Hirsh-Pasek, Kathy and M. Zosh, Jennifer and Michnick Golinkoff, Roberta and H. Gray, James and B. Robb, Michael and Kaufman, Jordy},
    date    = {2015-04-20},
    title   = {Putting Education in “Educational” Apps: Lessons From the Science of Learning},
    url     = {https://journals.sagepub.com/doi/10.1177/1529100615569721},
    urldate = {2022-07-16},
}

@WWW{CHATTERJEE2022,
    author  = {POULOMI CHATTERJEE},
    date    = {2022-02-20},
    title   = {How can we make the metaverse safe?},
    url     = {https://analyticsindiamag.com/how-can-we-make-the-metaverse-safe/},
    urldate = {2022-07-16},
}

@WWW{Meta,
  author  = {Meta},
  url     = {https://store.facebook.com/nl/nl/quest/},
  urldate = {2022-05-15},
}

@WWW{Ellen2021,
    author  = {Ellen, Maerevoet and Belga and Dumarey, Alexander},
    date    = {2021-08-27},
    title   = {Van 9.331 tot 14.103 euro: zoveel kost een student hoger onderwijs volgend academiejaar, bekijk het hier in detail},
    url     = {https://www.vrt.be/vrtnws/nl/2021/08/27/dit-kost-uw-student-u-komend-academiejaar/},
    urldate = {2022-07-16},
}

@Comment{jabref-meta: databaseType:biblatex;}
