% Encoding: UTF-8
@book{Knuth1998,
 author = {Knuth, Donald E.},
 title = {The art of computer programming,  volume 3: (2nd ed.) sorting and searching},
 year = {1998},
 publisher = {Addison Wesley Longman Publishing Co., Inc.},
 address = {Redwood City, CA, USA}
}

@book{Pollefliet2011,
  author = {Pollefliet, Leen},
  title = {Schrijven van verslag tot eindwerk: do's en don'ts},
  year = {2011},
  publisher = {Academia Press},
  address = {Gent}
}

@article{Creeger2009,
  author = {Creeger, Mache},
  journal = {Communications of the ACM},
  number = {8},
  pages = {50--56},
  title = {{CTO Roundtable: Cloud Computing}},
  volume = {52},
  year = {2009}
}

@WWW{MarinPenchevCardReader,
    author  = {Marin Penchev},
    date    = {2021-06-11},
    title   = {What is a card reader â€“ definition of card payment machines},
    url     = {https://www.mypos.com/en/what-is-a-card-reader},
    urldate = {2023-04-02},
}

@WWW{OnyaitOdekeCardReader,
    author  = {Onyait Odeke},
    date    = {2020-02-23},
    title   = {Smart Card Readers: What they do and how they work},
    url     = {https://www.dignited.com/23719/smart-card-readers-how-they-work/},
    urldate = {2023-04-02},
}

@WWW{MicrosoftSmartCardReaders,
    author  = {alvinashcraft; v-kents; DCtheGeek; drewbatgit; msatranjr},
    date    = {2021-07-01},
    title   = {Smart Card Readers},
    url     = {https://learn.microsoft.com/en-us/windows/win32/secauthn/smart-card-readers},
    urldate = {2023-04-02},
}

@WWW{ACSACR122U,
    author  = {ACS},
    date    = {},
    title   = {ACR122U USB NFC Reader},
    url     = {https://www.acs.com.hk/en/products/3/acr122u-usb-nfc-reader/},
    urldate = {2023-04-02},
}

@WWW{SwatiTawdeSmartCard,
    author  = {Swati Tawde},
    date    = {},
    title   = {What is Smart Card?},
    url     = {https://www.educba.com/what-is-smart-card/},
    urldate = {2023-04-02},
}

@WWW{OreillySmartCards,
    author  = {Timothy M. Jurgensen; Scott B. Guthery},
    date    = {},
    title   = {Smart Cards: The Developer's Toolkit},
    url     = {https://www.oreilly.com/library/view/smart-cards-the/0130937304/ch02.html},
    urldate = {2023-04-02},
}

@WWW{STASmartCard,
    author  = {Secure Technology Alliance},
    date    = {},
    title   = {Smart Card Technology FAQ},
    url     = {https://www.securetechalliance.org/smart-cards-faq/},
    urldate = {2023-04-02},
}

@WWW{SageSmartCard,
    author  = {Sage-Advices},
    date    = {2021-01-27},
    title   = {What is a disadvantage of a smart card?},
    url     = {https://sage-advices.com/what-is-a-disadvantage-of-a-smart-card/},
    urldate = {2023-04-02},
}

@WWW{MiFareSmartCard,
    author  = {MiFare},
    date    = {},
    title   = {MIFARE Classic Family},
    url     = {https://www.mifare.net/en/products/chip-card-ics/mifare-classic/},
    urldate = {2023-04-02},
}

@WWW{DevMozWebUSB,
    author  = {Microsoft},
    date    = {2023-03-16},
    title   = {WebUSB API},
    url     = {https://developer.mozilla.org/en-US/docs/Web/API/WebUSB_API},
    urldate = {2023-04-02},
}

@WWW{DevMozSSE,
    author  = {Microsoft},
    date    = {2023-02-26},
    title   = {Using server-sent events},
    url     = {https://developer.mozilla.org/en-US/docs/Web/API/Server-sent_events/Using_server-sent_events},
    urldate = {2023-04-02},
}

@WWW{DevMozSSE,
    author  = {Microsoft},
    date    = {2023-02-26},
    title   = {Using server-sent events},
    url     = {https://developer.mozilla.org/en-US/docs/Web/API/Server-sent_events/Using_server-sent_events},
    urldate = {2023-04-02},
}

@WWW{SmartcardFocus,
    author  = {SMARTCARD FOCUS},
    date    = {2016-02-16},
    title   = {HOW TO READ A MIFARE UID USING PC/SC},
    url     = {https://buzz.smartcardfocus.com/read-mifare-uid-using-pcsc/},
    urldate = {2023-04-16},
}

@WWW{DevMozService,
    author  = {Microsoft},
    date    = {2021-09-15},
    title   = {Introduction to Windows Service Applications},
    url     = {https://learn.microsoft.com/en-us/dotnet/framework/windows-services/introduction-to-windows-service-applications},
    urldate = {2023-04-16},
}

@WWW{DevMozServiceInstall,
    author  = {Microsoft},
    date    = {2021-09-15},
    title   = {How to: Install and uninstall Windows services},
    url     = {https://learn.microsoft.com/en-us/dotnet/framework/windows-services/how-to-install-and-uninstall-services},
    urldate = {2023-04-16},
}

@WWW{PluralsightSignalR,
    author  = {Pluralsight},
    date    = {2022-07-06},
    title   = {How to: Install and uninstall Windows services},
    url     = {https://learn.microsoft.com/en-us/aspnet/signalr/overview/getting-started/introduction-to-signalr},
    urldate = {2023-04-16},
}










@Comment{jabref-meta: databaseType:biblatex;}
