@WWW{Digitalid,
  author  = {Digitalid},
  date    = {2022-09-06},
  title   = {An Introduction to MIFARE Cards (Updated 2022)},
  url     = {https://www.digitalid.co.uk/blog/introduction-mifare-cards/},
  urldate = {2022-12-03},
}

@WWW{Desktop.com,
    author  = {Desktop.com},
    date    = {2022-08-15},
    title   = {What is a Browser Extension (and Why You Need It)},
    url     = {https://www.desktop.com/article/what-is-a-browser-extension-and-why-you-need-it},
    urldate = {2023-02-04},
}

@WWW{Webopedia,
    author  = {Vangie Beal},
    date    = {2022-08-01},
    title   = {Driver},
    url     = {https://www.webopedia.com/definitions/driver/},
    urldate = {2022-12-09},
}

@WWW{Printplast,
    author  = {Printplast},
    date    = {*no date found*},
    title   = {What is a MIFARE Card?},
    url     = {https://www.printplast.com/what-is-a-mifare-card/},
    urldate = {2022-12-11},
}

@WWW{FrançoisBeaufortUSB,
    author  = {François Beaufort},
    date    = {2016-03-30},
    title   = {Access USB Devices on the Web},
    url     = {https://developer.chrome.com/articles/usb/},
    urldate = {2023-02-14},
}

@WWW{FrançoisBeaufortNFC,
    author  = {François Beaufort},
    date    = {2020-02-12},
    title   = {Interact with NFC devices on Chrome for Android},
    url     = {https://developer.chrome.com/articles/nfc/#use-cases},
    urldate = {2023-02-14},
}

@Comment{jabref-meta: databaseType:biblatex;}
